@article{Head2015,
  author = {Head, Megan L. and Holman, Luke and Lanfear, Rob and Kahn, Andrew T. and Jennions, Michael D.},
  doi = {10.1371/journal.pbio.1002106},
  issn = {1545-7885},
  journal = {PLOS Biology},
  pages = {e1002106},
  title = {{The extent and consequences of p-hacking in science}},
  volume = {13},
  year = {2015},
}


@article{Ram2013,
  author = {Ram, Karthik},
  doi = {10.1186/1751-0473-8-7},
  journal = {Source Code for Biology and Medicine},
  number = {1},
  pages = {7},
  title = {{Git can facilitate greater reproducibility and increased transparency in science.}},
  volume = {8},
  year = {2013},
}


@misc{Crossre2009,
  author = {CrossRef},
  title = {{The formation of {C}ross{R}ef: {A} short history}},
  url = {http://web.archive.org/web/20150424211845/http://www.crossref.org/08downloads/CrossRef10Years.pdf},
  year = {2009},
}


@misc{Nuijten2015,
  author = {Nuijten, M. B. and Hartgerink, C. H. J. and {Van Assen}, M. A. L. M. and Epskamp, S. and Wicherts, J. M.},
  title = {{The Prevalence of Statistical Reporting Errors in Psychology (1985-2013)}},
  url = {https://osf.io/e9qbp/},
  year = {2015},
}


@article{Ridley2007,
  author = {Ridley, J. and Kolm, N. and Freckelton, R.P. and Gage, M.J.G.},
  doi = {10.1111/j.1420-9101.2006.01291.x},
  journal = {Journal of Evolutionary Biology},
  pages = {1082-1089},
  title = {{An unexpected influence of widely used significance thresholds on the distribution of reported p-values}},
  volume = {20},
  year = {2007},
}


@article{Simonsohn2014,
  author = {Simonsohn, Uri and Nelson, Leif D and Simmons, Joseph P},
  doi = {10.1037/a0033242},
  issn = {1939-2222},
  journal = {Journal of Experimental Psychology: General},
  pages = {534-47},
  title = {{P-curve: {A} key to the file-drawer.}},
  volume = {143},
  year = {2014},
}


@book{AmericanPsychologicalAssociation2010,
  address = {Washington, D.C.},
  author = {{American Psychological Association}},
  edition = {6th},
  isbn = {9781433805615},
  publisher = {American Psychological Association},
  title = {{Publication manual of the American Psychological Association}},
  year = {2010},
}
